<?xml version="1.0" encoding="UTF-8"?><collection xmlns="http://www.loc.gov/MARC21/slim"><record><leader>00370nam--2200133-i-4500</leader><controlfield tag="001">000012256</controlfield><controlfield tag="002">20161230</controlfield><controlfield tag="005">20161230201029</controlfield><controlfield tag="008">060222s1000------------r-----000-0-eng-d</controlfield><datafield ind1=" " ind2=" " tag="080"><subfield code="a">621.3.011.74</subfield></datafield><datafield ind1=" " ind2=" " tag="100"><subfield code="a">Bogner, R.E. And Constantinides, A.G</subfield></datafield><datafield ind1=" " ind2=" " tag="245"><subfield code="a">Introduction to digital filtering</subfield></datafield><datafield ind1=" " ind2=" " tag="260"><subfield code="a">London, John Wiley &amp; Sons, Ltd., 1975. Xii + 198 P</subfield></datafield><datafield ind1=" " ind2=" " tag="852"><subfield code="a">45157</subfield></datafield></record></collection>